<?xml version="1.0" encoding="UTF-8"?><collection xmlns="http://www.loc.gov/MARC21/slim"><record><leader>00573nam--2200169-i-4500</leader><controlfield tag="001">000043248</controlfield><controlfield tag="002">20161230</controlfield><controlfield tag="005">20161230201043</controlfield><controlfield tag="008">060222s1000------------r-----000-0-eng-d</controlfield><datafield ind1=" " ind2=" " tag="040"><subfield code="a">IFIN-HH</subfield></datafield><datafield ind1=" " ind2=" " tag="080"><subfield code="a">015:539.182:539.125.5.162.2:172</subfield></datafield><datafield ind1="1" ind2=" " tag="100"><subfield code="a">Sutton,John David</subfield></datafield><datafield ind1="1" ind2="0" tag="245"><subfield code="a">A study of the structure and atomic motions of the vitreous silica by thermal neutron scattering techniques</subfield><subfield code="b">Dissertation</subfield><subfield code="c">John david sutton</subfield></datafield><datafield ind1=" " ind2=" " tag="260"><subfield code="a">An Arbor, Michigan</subfield><subfield code="b">University Microfilms</subfield><subfield code="c">1971</subfield></datafield><datafield ind1=" " ind2=" " tag="300"><subfield code="a">VIII + 364 P</subfield></datafield><datafield ind1=" " ind2=" " tag="852"><subfield code="a">37856</subfield><subfield code="c">539.18</subfield></datafield><datafield ind1=" " ind2=" " tag="CAT"><subfield code="a">Sys</subfield><subfield code="c">20120702</subfield><subfield code="h">171319</subfield></datafield></record></collection>